
@article{zwicky1933,
  author = {F. Zwicky},
  title = {Die Rotverschiebung von extragalaktischen Nebeln},
  journal = {Helvetica Physica Acta},
  year = {1933},
  volume = {6},
  pages = {110-127}
}

@article{rubin1970,
  author = {V. C. Rubin and W. K. Ford},
  title = {Rotation of the Andromeda nebula from a spectroscopic survey of emission regions},
  journal = {The Astrophysical Journal},
  year = {1970},
  volume = {159},
  pages = {379-403}
}

@article{clowe2006,
  author = {D. Clowe and others},
  title = {A direct empirical proof of the existence of dark matter},
  journal = {The Astrophysical Journal Letters},
  year = {2006},
  volume = {648},
  number = {2},
  pages = {L109-L113}
}

@article{planck2016,
  author = {Planck Collaboration},
  title = {Planck 2015 results. XIII. Cosmological parameters},
  journal = {Astronomy \& Astrophysics},
  year = {2016},
  volume = {594},
  pages = {A13}
}

@article{bertone2005,
  author = {G. Bertone and D. Hooper and J. Silk},
  title = {Particle dark matter: Evidence, candidates and constraints},
  journal = {Physics Reports},
  year = {2005},
  volume = {405},
  pages = {279-390}
}

@book{peebles1993,
  author = {P. J. E. Peebles},
  title = {Principles of Physical Cosmology},
  publisher = {Princeton University Press},
  year = {1993}
}

@book{dodelson2003,
  author = {S. Dodelson},
  title = {Modern Cosmology},
  publisher = {Academic Press},
  year = {2003}
}

@article{famaey2012,
  author = {B. Famaey and S. S. McGaugh},
  title = {Modified Newtonian Dynamics (MOND): Observational Phenomenology and Theoretical Challenges},
  journal = {Living Reviews in Relativity},
  year = {2012},
  volume = {15},
  number = {1},
  pages = {10}
}

@article{navarro1997,
  author = {J. F. Navarro and C. S. Frenk and S. D. M. White},
  title = {A universal density profile from hierarchical clustering},
  journal = {The Astrophysical Journal},
  year = {1997},
  volume = {490},
  number = {2},
  pages = {493-508}
}

@article{diemand2005,
  author = {J. Diemand and B. Moore and J. Stadel},
  title = {The splashback radius of dark matter halos},
  journal = {Nature},
  year = {2005},
  volume = {433},
  number = {7024},
  pages = {539-542}
}

@article{kroupa2001,
  author = {P. Kroupa},
  title = {On the dark matter content of galaxies},
  journal = {The Astrophysical Journal},
  year = {2001},
  volume = {560},
  number = {2},
  pages = {634-640}
}

@article{brook2012,
  author = {C. B. Brook and others},
  title = {The role of dark matter in the formation of galaxies},
  journal = {Nature},
  year = {2012},
  volume = {481},
  pages = {64-67}
}
