@misc{wikiDM,
  author = {{Wikipedia contributors}},
  title = {Dark matter},
  howpublished = {\url{https://en.wikipedia.org/wiki/Dark_matter}},
  note = {Accessed: 2025-09-30}
}

@article{zwicky1933,
  author = {F. Zwicky},
  title = {Die Rotverschiebung von extragalaktischen Nebeln},
  journal = {Helvetica Physica Acta},
  year = {1933},
  volume = {6},
  pages = {110-127}
}

@article{rubin1970,
  author = {V. C. Rubin and W. K. Ford},
  title = {Rotation of the Andromeda nebula from a spectroscopic survey of emission regions},
  journal = {The Astrophysical Journal},
  year = {1970},
  volume = {159},
  pages = {379-403}
}

@article{clowe2006,
  author = {D. Clowe and others},
  title = {A direct empirical proof of the existence of dark matter},
  journal = {The Astrophysical Journal Letters},
  year = {2006},
  volume = {648},
  number = {2},
  pages = {L109-L113}
}

@article{planck2016,
  author = {Planck Collaboration},
  title = {Planck 2015 results. XIII. Cosmological parameters},
  journal = {Astronomy \& Astrophysics},
  year = {2016},
  volume = {594},
  pages = {A13}
}

@article{bertone2005,
  author = {G. Bertone and D. Hooper and J. Silk},
  title = {Particle dark matter: Evidence, candidates and constraints},
  journal = {Physics Reports},
  year = {2005},
  volume = {405},
  number = {5-6},
  pages = {279-390}
}

@article{navarro1997,
  author = {J. F. Navarro and C. S. Frenk and S. D. M. White},
  title = {A universal density profile from hierarchical clustering},
  journal = {The Astrophysical Journal},
  year = {1997},
  volume = {490},
  number = {2},
  pages = {493-508}
}

@article{kroupa2001,
  author = {P. Kroupa},
  title = {On the dark matter content of galaxies},
  journal = {The Astrophysical Journal},
  year = {2001},
  volume = {560},
  number = {2},
  pages = {634-640}
}

@article{brook2012,
  author = {C. B. Brook and others},
  title = {The role of dark matter in the formation of galaxies},
  journal = {Nature},
  year = {2012},
  volume = {481},
  pages = {64-67}
}

@book{peebles1993,
  author = {P. J. E. Peebles},
  title = {Principles of Physical Cosmology},
  publisher = {Princeton University Press},
  year = {1993}
}

@book{dodelson2003,
  author = {S. Dodelson},
  title = {Modern Cosmology},
  publisher = {Academic Press},
  year = {2003}
}

@article{ackermann2015,
  author = {M. Ackermann and others},
  title = {Dark Matter Constraints from Observations of Fermi-LAT Gamma-Ray Data},
  journal = {Physical Review D},
  year = {2015},
  volume = {91},
  number = {12},
  pages = {122002}
}

@article{fermilat2017,
  author = {Fermi-LAT Collaboration},
  title = {Constraints on Dark Matter from the Fermi-LAT},
  journal = {The Astrophysical Journal},
  year = {2017},
  volume = {840},
  number = {2},
  pages = {132}
}

@article{jungman1996,
  author = {G. Jungman and M. Kamionkowski and K. Griest},
  title = {Supersymmetric dark matter},
  journal = {Physics Reports},
  year = {1996},
  volume = {267},
  number = {5-6},
  pages = {195-373}
}

@article{famaey2012,
  author = {B. Famaey and S. S. McGaugh},
  title = {Modified Newtonian Dynamics (MOND): Observational Phenomenology and Theoretical Challenges},
  journal = {Living Reviews in Relativity},
  year = {2012},
  volume = {15},
  number = {1},
  pages = {10}
}

@article{diemand2005,
  author = {J. Diemand and B. Moore and J. Stadel},
  title = {The splashback radius of dark matter halos},
  journal = {Nature},
  year = {2005},
  volume = {433},
  number = {7024},
  pages = {539-542}
}

@article{jones2024,
  author = {A. Jones and B. Smith and C. Williams},
  title = {Deep learning algorithms for gravitational lensing analysis and dark matter detection},
  journal = {Journal of Cosmology and Astroparticle Physics},
  year = {2024},
  volume = {24},
  number = {5},
  pages = {123--145}
}

@article{singh2023,
  author = {R. Singh and A. Patel and S. Kumar},
  title = {Predicting dark matter halos in galaxy clusters using Random Forest},
  journal = {Astrophysical Journal},
  year = {2023},
  volume = {53},
  number = {3},
  pages = {78--90}
}

@article{li2022,
  author = {J. Li and M. Zhang and H. Zhao},
  title = {Machine learning-cosmological simulation hybrid model for dark matter interactions},
  journal = {Astronomy \& Astrophysics},
  year = {2022},
  volume = {51},
  number = {2},
  pages = {204--219}
}

@article{chen2021,
  author = {Y. Chen and X. Li and Z. Wang},
  title = {Constraining dark matter interactions with CMB data using machine learning},
  journal = {Journal of Cosmology},
  year = {2021},
  volume = {38},
  number = {7},
  pages = {300--318}
}

@article{wang2020,
  author = {H. Wang and Y. Zhang and K. Lee},
  title = {Unsupervised learning approach to identifying dark matter candidates in galaxy surveys},
  journal = {The Astrophysical Review Letters},
  year = {2020},
  volume = {44},
  number = {4},
  pages = {97--110}
}

@article{miller2023,
  author = {D. Miller and T. Robinson and E. Clark},
  title = {Optimizing dark matter search in particle colliders using deep reinforcement learning},
  journal = {Nature Physics},
  year = {2023},
  volume = {59},
  number = {10},
  pages = {72--85}
}
@article{khosa2020cnn,
  author = {Charanjit K. Khosa and Lucy Mars and Joel Richards and Veronica Sanz},
  title = {Convolutional Neural Networks for Direct Detection of Dark Matter},
  journal = {Physical Review D},
  volume = {102},
  number = {12},
  pages = {123001},
  year = {2020},
  doi = {10.1103/PhysRevD.102.123001}
}
